@inproceedings{strakova14,
  author    = {Strakov\'{a}, Jana  and  Straka, Milan  and  Haji\v{c}, Jan},
  title     = {Open-{S}ource {T}ools for {M}orphology, {L}emmatization, {POS} {T}agging and {N}amed {E}ntity {R}ecognition},
  booktitle = {Proceedings of 52nd Annual Meeting of the Association for Computational Linguistics: System Demonstrations},
  month     = {June},
  year      = {2014},
  address   = {Baltimore, Maryland},
  publisher = {Association for Computational Linguistics},
  pages     = {13--18},
  url       = {http://www.aclweb.org/anthology/P/P14/P14-5003}
}

@book{strakova13,
  author    = {Strakov\'{a}, Jana and Straka, Milan and Haji\v{c}, Jan},
  title     = {A {N}ew {S}tate-{O}f-{T}he-{A}rt {C}zech {N}amed {E}ntity {R}ecognizer},                                
  booktitle = {Lecture Notes in Computer Science, Vol. 8082, Text, Speech and Dialogue: 16th International Conference},
  year      = {2013},
  address   = {Berlin / Heidelberg, Germany},
  publisher = {Springer Verlag},
  pages     = {68--75},
  url       = {http://ufal.mff.cuni.cz/~straka/papers/2013-tsd_ner.pdf},
  ISBN      = {978-3-642-40584-6},
  ISSN      = {0302-9743}
}

@inproceedings{spoustova09,
  author    = {Spoustov\'{a}, Drahom\'{ı}ra and Haji\v{c}, Jan and Raab, Jan and Spusta, Miroslav},
  title     = {{S}emi-supervised {T}raining for the {A}veraged {P}erceptron {POS} {T}agger},
  booktitle = {Proceedings of the 12th Conference of the European Chapter of the ACL},
  month     = {March},
  year      = {2009},
  address   = {Athens, Greece},
  publisher = {Association for Computational Linguistics},
  pages     = {763--771},
  url       = {http://aclweb.org/anthology//E/E09/E09-1087.pdf}
}

@mastersthesis{ejem14,
  author    = {Ejem, Richard},
  title     = {Měření výkonnosti grafové databáze pro potřeby reprezentace syntaktických struktur přirozeného jazyka},
  school    = {Institute of Formal and Applied Linguistics, Faculty of Mathematics and Physics, Charles University in Prague},
  year      = {2014},
  address   = {Prague, Czech Republic},
  note      = {In review}
}